@book{BOOK:1,
 title="Human-computer interaction: an empirical research perspective",
 publisher="Morgan Kaufmann Publishers",
 author="MacKenzie, Scott",
 year="2013"
}

@misc{android developers_2018, 
title="Distribution dashboard  |  Android Developers", 
url="https://developer.android.com/about/dashboards/", 
journal="Android Developers", 
publisher="Google", 
year="2018", 
month="Oct"
Google, Distribution Dashboard, Android Developers, texit{https://developer.android.com/about/dashboards/} 2018
}
